@article{Storey:1999:CDE:308936.308940,
 author = {Storey, M.-A. D. and Fracchia, F. D. and M\"{u}ller, H. A.},
 title = {Cognitive Design Elements to Support the Construction of a Mental Model During Software Exploration},
 journal = {J. Syst. Softw.},
 issue_date = {Jan. 1, 1999},
 volume = {44},
 number = {3},
 month = jan,
 year = {1999},
 issn = {0164-1212},
 pages = {171--185},
 numpages = {15},
 url = {http://dx.doi.org/10.1016/S0164-1212(98)10055-9},
 doi = {10.1016/S0164-1212(98)10055-9},
 acmid = {308940},
 publisher = {Elsevier Science Inc.},
 address = {New York, NY, USA},
}

@article{Cornelissen:2009:SSP:1638616.1639301,
 author = {Cornelissen, Bas and Zaidman, Andy and van Deursen, Arie and Moonen, Leon and Koschke, Rainer},
 title = {A Systematic Survey of Program Comprehension Through Dynamic Analysis},
 journal = {IEEE Trans. Softw. Eng.},
 issue_date = {September 2009},
 volume = {35},
 number = {5},
 month = sep,
 year = {2009},
 issn = {0098-5589},
 pages = {684--702},
 numpages = {19},
 url = {http://dx.doi.org/10.1109/TSE.2009.28},
 doi = {10.1109/TSE.2009.28},
 acmid = {1639301},
 publisher = {IEEE Press},
 address = {Piscataway, NJ, USA},
 keywords = {Survey, Survey, program comprehension, dynamic analysis., dynamic analysis., program comprehension},
} 


@book{Lientz:1980:SMM:601062,
 author = {Lientz, Bennett P. and Swanson, E. Burton},
 title = {Software Maintenance Management},
 year = {1980},
 isbn = {0201042053},
 publisher = {Addison-Wesley Longman Publishing Co., Inc.},
 address = {Boston, MA, USA},
}

@techreport{ISOSWMaintainance,
 author = {ISO},
 institution = {International Organization for Standardization},
 address = {Geneva, Switzerland},
 title = {Software Engineering -- Software Life Cycle Processes -- Maintenance},
 number = {14764:2006},
 type = {ISO},
 year = {2006}
}

@book{Lehman:1985:PEP:7261,
 editor = {Lehman, M. M. and Belady, L. A.},
 title = {Program Evolution: Processes of Software Change},
 year = {1985},
 isbn = {0-12-442440-6},
 publisher = {Academic Press Professional, Inc.},
 address = {San Diego, CA, USA},
}

@book{Pigoski:1996:PSM:524398,
 author = {Pigoski, Thomas M.},
 title = {Practical Software Maintenance: Best Practices for Managing Your Software Investment},
 year = {1996},
 isbn = {0471170011},
 publisher = {John Wiley \& Sons, Inc.},
 address = {New York, NY, USA},
}

@article{Ball:1999:CDA:318774.318944,
 author = {Ball, Thoms},
 title = {The Concept of Dynamic Analysis},
 journal = {SIGSOFT Softw. Eng. Notes},
 issue_date = {Nov. 1999},
 volume = {24},
 number = {6},
 month = oct,
 year = {1999},
 issn = {0163-5948},
 pages = {216--234},
 numpages = {19},
 url = {http://doi.acm.org/10.1145/318774.318944},
 doi = {10.1145/318774.318944},
 acmid = {318944},
 publisher = {ACM},
 address = {New York, NY, USA},
}

@inproceedings{Pauw98executionpatterns,
    author = {Wim De Pauw and David Lorenz and John Vlissides and Mark Wegman},
    title = {Execution Patterns in Object-Oriented Visualization},
    booktitle = {In Proceedings Conference on Object-Oriented Technologies and Systems (COOTS â€™98},
    year = {1998},
    pages = {219--234}
}